
@article{Pappalardo2019public,
  title={A public data set of spatio-temporal match events in soccer competitions},
  author={Pappalardo, Luca and Cintia, Paolo and Rossi, Alessio and Massucco, Emanuele and Ferragina, Paolo and Pedreschi, Dino and Giannotti, Fosca},
  journal={Scientific data},
  volume={6},
  number={1},
  pages={236},
  year={2019},
  publisher={Nature Publishing Group UK London},
  doi={10.1038/s41597-019-0247-7}
}

@article{Fernandez2018influence,
  title       = {Influence of contextual variables on styles of play in soccer},
  author      = {Fernandez-Navarro, Javier and Fradua, Luis and Zubillaga, Asier and McRobert, Allistair P.},
  journal     = {International Journal of Performance Analysis in Sport},
  volume      = {18},
  number      = {3},
  pages       = {423--436},
  year        = {2018},
  publisher   = {Taylor \& Francis},
  doi         = {10.1080/24748668.2018.1479925}
}